<?xml version="1.0" encoding="UTF-8"?><collection xmlns="http://www.loc.gov/MARC21/slim"><record><leader>00366nam--2200109-i-4500</leader><controlfield tag="001">000041776</controlfield><controlfield tag="002">20161230</controlfield><controlfield tag="005">20161230201043</controlfield><controlfield tag="008">060222s1000------------r-----000-0-eng-d</controlfield><datafield ind1=" " ind2=" " tag="245"><subfield code="a">Situation du marche des combustibles nucleaires dans la communaute et dans le monde libre en 1963-1967</subfield></datafield><datafield ind1=" " ind2=" " tag="260"><subfield code="a">Bruxelles, Agence D`Approvisionnement D`Euratom, 1963. 23 P</subfield></datafield><datafield ind1=" " ind2=" " tag="852"><subfield code="a">21004</subfield></datafield></record></collection>